@article{EFC,
title={Entity Framework Core},
author={ajcvickers, dennisseders, smitpatel, roji, Rick-Anderson, riccikl, divega, gurmeetsinghdke, tdykstra, mairaw, bricelam, rowanmiller, mjmilan},
journal={Microsoft Docs [\url{https://docs.microsoft.com/en-us/ef/core/}]},
year={2021}
}

@article{iis,
title={IIS Express Overview},
author={Vaidy Gopalakrishnan},
journal={Microsoft Docs [\url{https://docs.microsoft.com/en-us/iis/extensions/introduction-to-iis-express/iis-express-overview}]},
year={2020}
}

@article{REST,
title={Representational state transfer},
journal={Wikipedia [\url{https://en.wikipedia.org/wiki/Representational_state_transfer}]}
}

@article{JSON,
title={Introducing JSON},
journal={JSON [\url{https://www.json.org/json-en.html}]}
}

@article{JWT,
title={JWT with Ionic Vue},
author={Naveen512},
journal={JWT [\url{https://github.com/Naveen512/IonicAndVueJWTAuthentication}]}
}

@article{ION,
title={Ionic Vue},
journal={Ionic Vue [\url{https://ionicframework.com/docs/vue/overview}]}
}

@article{IONIN,
title={Ionic Installation},
journal={Ionic Installation [\url{https://ionicframework.com/docs/intro/cli}]}
}

@misc{u8g2,
  author = {et al., olikraus},
  title = {u8g2},
  publisher = {GitHub},
  journal = {GitHub repository},
  howpublished = {\url{https://github.com/olikraus/u8g2}}
}

@misc{MFRC522,
  author = {GithubCommunity},
  title = {MFRC522},
  publisher = {Arduino},
  journal = {Arduino Libraries},
  howpublished = {\url{https://www.arduino.cc/reference/en/libraries/mfrc522/}}
}

@misc{httpclient,
  author = {Adrian McEwen, John McKerrell},
  title = {HttpClient},
  publisher = {GitHub},
  journal = {GitHub repository},
  howpublished = {\url{https://github.com/amcewen/HttpClient}}
}

@misc{esp-oled,
  author = {Klar Systems},
  title = {ESP8266-OLED Display Library},
  publisher = {Arduino},
  journal = {Arduino Libraries},
  howpublished = {\url{https://www.arduino.cc/reference/en/libraries/esp8266-oled-display-library/}}
}

@misc{oled-driver,
  author = {et al., ThingPulse},
  title = {OLED SSD1306 (ESP8266/ESP32/Mbed-OS)},
  publisher = {GitHub},
  journal = {GitHub repository},
  howpublished = {\url{https://github.com/ThingPulse/esp8266-oled-ssd1306}}
}

@misc{arduino-json,
  author = {et al., bblanchon},
  title = {ArduinoJson},
  publisher = {GitHub},
  journal = {GitHub repository},
  howpublished = {\url{https://github.com/bblanchon/ArduinoJson}}
}

@misc{wifi,
  author = {Arduino},
  title = {WiFi library},
  publisher = {Arduino},
  journal = {Arduino Libraries},
  howpublished = {\url{https://www.arduino.cc/en/Reference/WiFi}}
}

@misc{ntpclient,
  author = {et al., Fabrice Weinberg},
  title = {NTPClient},
  publisher = {GitHub},
  journal = {GitHub repository},
  howpublished = {\url{https://github.com/arduino-libraries/NTPClient}}
}

@misc{signalr,
  author = {SignalR},
  title = {SignalR},
  publisher = {GitHub},
  journal = {GitHub repository},
  howpublished = {\url{https://github.com/SignalR/SignalR}}
}


